@Misc{buzi11,
  author =    {Gilad Buzi},
  title =     {{Aurora Del Camp Crop Planner} --- a small farm plans big},
  month =     {November},
  year =      2011}


@Misc{cbc,
  key =       {cbc},
  title =     {Cbc (Coin-or branch and cut), an open-source mixed integer programming solver written in {C++}},
  howpublished = {\url{https://projects.coin-or.org/Cbc}}}


@Misc{mittelmann11,
  author =    {H. D. Mittelmann},
  title =     {Performance of Optimization Software --- an Update},
  howpublished = {\url{http://plato.asu.edu/talks/mittelmann_bench.pdf}},
  month =     {November},
  year =      2011}

